@article{PhysRevA.48.3561,
  title = {Two electrons in an external oscillator potential: Particular analytic solutions of a Coulomb correlation problem},
  author = {Taut, M.},
  journal = {Phys. Rev. A},
  volume = {48},
  issue = {5},
  pages = {3561--3566},
  numpages = {0},
  year = {1993},
  month = {Nov},
  publisher = {American Physical Society},
  doi = {10.1103/PhysRevA.48.3561},
  url = {https://link.aps.org/doi/10.1103/PhysRevA.48.3561}
}

@techreport{Hjorth-Jensen2019,
author = {Hjorth-Jensen, M.},
title = {{Computational Physics Lectures: Eigenvalue problems}},
url = {https://compphysics.github.io/ComputationalPhysics/doc/pub/eigvalues/html/eigvalues.html},
year = {2019}
}

@techreport{DepartmentofPhysics2019,
author = {{Department of Physics}},
title = {{Project 2 - Computational Physics I FYS3150/FYS4150}},
url = {https://github.com/CompPhysics/ComputationalPhysics/blob/master/doc/Projects/2019/Project2/pdf/Project2.pdf},
year = {2019}
}
